%YAML 1.1
%TAG !u! tag:unity3d.com,2011:
--- !u!29 &1
OcclusionCullingSettings:
  m_ObjectHideFlags: 0
  serializedVersion: 2
  m_OcclusionBakeSettings:
    smallestOccluder: 5
    smallestHole: 0.25
    backfaceThreshold: 100
  m_SceneGUID: 00000000000000000000000000000000
  m_OcclusionCullingData: {fileID: 0}
--- !u!104 &2
RenderSettings:
  m_ObjectHideFlags: 0
  serializedVersion: 9
  m_Fog: 0
  m_FogColor: {r: 0.5, g: 0.5, b: 0.5, a: 1}
  m_FogMode: 3
  m_FogDensity: 0.01
  m_LinearFogStart: 0
  m_LinearFogEnd: 300
  m_AmbientSkyColor: {r: 0.212, g: 0.227, b: 0.259, a: 1}
  m_AmbientEquatorColor: {r: 0.114, g: 0.125, b: 0.133, a: 1}
  m_AmbientGroundColor: {r: 0.047, g: 0.043, b: 0.035, a: 1}
  m_AmbientIntensity: 1
  m_AmbientMode: 3
  m_SubtractiveShadowColor: {r: 0.42, g: 0.478, b: 0.627, a: 1}
  m_SkyboxMaterial: {fileID: 0}
  m_HaloStrength: 0.5
  m_FlareStrength: 1
  m_FlareFadeSpeed: 3
  m_HaloTexture: {fileID: 0}
  m_SpotCookie: {fileID: 10001, guid: 0000000000000000e000000000000000, type: 0}
  m_DefaultReflectionMode: 0
  m_DefaultReflectionResolution: 128
  m_ReflectionBounces: 1
  m_ReflectionIntensity: 1
  m_CustomReflection: {fileID: 0}
  m_Sun: {fileID: 0}
  m_IndirectSpecularColor: {r: 0, g: 0, b: 0, a: 1}
  m_UseRadianceAmbientProbe: 0
--- !u!157 &3
LightmapSettings:
  m_ObjectHideFlags: 0
  serializedVersion: 11
  m_GIWorkflowMode: 1
  m_GISettings:
    serializedVersion: 2
    m_BounceScale: 1
    m_IndirectOutputScale: 1
    m_AlbedoBoost: 1
    m_TemporalCoherenceThreshold: 1
    m_EnvironmentLightingMode: 0
    m_EnableBakedLightmaps: 0
    m_EnableRealtimeLightmaps: 0
  m_LightmapEditorSettings:
    serializedVersion: 10
    m_Resolution: 2
    m_BakeResolution: 40
    m_AtlasSize: 1024
    m_AO: 0
    m_AOMaxDistance: 1
    m_CompAOExponent: 1
    m_CompAOExponentDirect: 0
    m_Padding: 2
    m_LightmapParameters: {fileID: 0}
    m_LightmapsBakeMode: 1
    m_TextureCompression: 1
    m_FinalGather: 0
    m_FinalGatherFiltering: 1
    m_FinalGatherRayCount: 256
    m_ReflectionCompression: 2
    m_MixedBakeMode: 2
    m_BakeBackend: 1
    m_PVRSampling: 1
    m_PVRDirectSampleCount: 32
    m_PVRSampleCount: 500
    m_PVRBounces: 2
    m_PVRFilterTypeDirect: 0
    m_PVRFilterTypeIndirect: 0
    m_PVRFilterTypeAO: 0
    m_PVRFilteringMode: 1
    m_PVRCulling: 1
    m_PVRFilteringGaussRadiusDirect: 1
    m_PVRFilteringGaussRadiusIndirect: 5
    m_PVRFilteringGaussRadiusAO: 2
    m_PVRFilteringAtrousPositionSigmaDirect: 0.5
    m_PVRFilteringAtrousPositionSigmaIndirect: 2
    m_PVRFilteringAtrousPositionSigmaAO: 1
    m_ShowResolutionOverlay: 1
  m_LightingDataAsset: {fileID: 0}
  m_UseShadowmask: 1
--- !u!196 &4
NavMeshSettings:
  serializedVersion: 2
  m_ObjectHideFlags: 0
  m_BuildSettings:
    serializedVersion: 2
    agentTypeID: 0
    agentRadius: 0.5
    agentHeight: 2
    agentSlope: 45
    agentClimb: 0.4
    ledgeDropHeight: 0
    maxJumpAcrossDistance: 0
    minRegionArea: 2
    manualCellSize: 0
    cellSize: 0.16666667
    manualTileSize: 0
    tileSize: 256
    accuratePlacement: 0
    debug:
      m_Flags: 0
  m_NavMeshData: {fileID: 0}
--- !u!1001 &191168910
Prefab:
  m_ObjectHideFlags: 0
  serializedVersion: 2
  m_Modification:
    m_TransformParent: {fileID: 1721017452}
    m_Modifications:
    - target: {fileID: 4719696398180978, guid: afad3377a7fc1054ba3961d0d77ab717, type: 2}
      propertyPath: m_LocalPosition.x
      value: 0.36180377
      objectReference: {fileID: 0}
    - target: {fileID: 4719696398180978, guid: afad3377a7fc1054ba3961d0d77ab717, type: 2}
      propertyPath: m_LocalPosition.y
      value: 2.6599436
      objectReference: {fileID: 0}
    - target: {fileID: 4719696398180978, guid: afad3377a7fc1054ba3961d0d77ab717, type: 2}
      propertyPath: m_LocalPosition.z
      value: -0.17401259
      objectReference: {fileID: 0}
    - target: {fileID: 4719696398180978, guid: afad3377a7fc1054ba3961d0d77ab717, type: 2}
      propertyPath: m_LocalRotation.x
      value: -0
      objectReference: {fileID: 0}
    - target: {fileID: 4719696398180978, guid: afad3377a7fc1054ba3961d0d77ab717, type: 2}
      propertyPath: m_LocalRotation.y
      value: -0
      objectReference: {fileID: 0}
    - target: {fileID: 4719696398180978, guid: afad3377a7fc1054ba3961d0d77ab717, type: 2}
      propertyPath: m_LocalRotation.z
      value: -0
      objectReference: {fileID: 0}
    - target: {fileID: 4719696398180978, guid: afad3377a7fc1054ba3961d0d77ab717, type: 2}
      propertyPath: m_LocalRotation.w
      value: 1
      objectReference: {fileID: 0}
    - target: {fileID: 4719696398180978, guid: afad3377a7fc1054ba3961d0d77ab717, type: 2}
      propertyPath: m_RootOrder
      value: 2
      objectReference: {fileID: 0}
    m_RemovedComponents: []
  m_SourcePrefab: {fileID: 100100000, guid: afad3377a7fc1054ba3961d0d77ab717, type: 2}
  m_IsPrefabAsset: 0
--- !u!4 &191168911 stripped
Transform:
  m_CorrespondingSourceObject: {fileID: 4719696398180978, guid: afad3377a7fc1054ba3961d0d77ab717,
    type: 2}
  m_PrefabInternal: {fileID: 191168910}
--- !u!1001 &490172085
Prefab:
  m_ObjectHideFlags: 0
  serializedVersion: 2
  m_Modification:
    m_TransformParent: {fileID: 1721017452}
    m_Modifications:
    - target: {fileID: 4037408060104992, guid: 6aac53b0119b93b4b8a621446f2f5c4a, type: 2}
      propertyPath: m_LocalPosition.x
      value: 7.9218035
      objectReference: {fileID: 0}
    - target: {fileID: 4037408060104992, guid: 6aac53b0119b93b4b8a621446f2f5c4a, type: 2}
      propertyPath: m_LocalPosition.y
      value: 1.4199435
      objectReference: {fileID: 0}
    - target: {fileID: 4037408060104992, guid: 6aac53b0119b93b4b8a621446f2f5c4a, type: 2}
      propertyPath: m_LocalPosition.z
      value: 0.15014996
      objectReference: {fileID: 0}
    - target: {fileID: 4037408060104992, guid: 6aac53b0119b93b4b8a621446f2f5c4a, type: 2}
      propertyPath: m_LocalRotation.x
      value: -0
      objectReference: {fileID: 0}
    - target: {fileID: 4037408060104992, guid: 6aac53b0119b93b4b8a621446f2f5c4a, type: 2}
      propertyPath: m_LocalRotation.y
      value: -0
      objectReference: {fileID: 0}
    - target: {fileID: 4037408060104992, guid: 6aac53b0119b93b4b8a621446f2f5c4a, type: 2}
      propertyPath: m_LocalRotation.z
      value: -0
      objectReference: {fileID: 0}
    - target: {fileID: 4037408060104992, guid: 6aac53b0119b93b4b8a621446f2f5c4a, type: 2}
      propertyPath: m_LocalRotation.w
      value: 1
      objectReference: {fileID: 0}
    - target: {fileID: 4037408060104992, guid: 6aac53b0119b93b4b8a621446f2f5c4a, type: 2}
      propertyPath: m_RootOrder
      value: 9
      objectReference: {fileID: 0}
    - target: {fileID: 1241743703126392, guid: 6aac53b0119b93b4b8a621446f2f5c4a, type: 2}
      propertyPath: m_Name
      value: Monster lvl2 (5)
      objectReference: {fileID: 0}
    - target: {fileID: 1241743703126392, guid: 6aac53b0119b93b4b8a621446f2f5c4a, type: 2}
      propertyPath: m_IsActive
      value: 0
      objectReference: {fileID: 0}
    m_RemovedComponents: []
  m_SourcePrefab: {fileID: 100100000, guid: 6aac53b0119b93b4b8a621446f2f5c4a, type: 2}
  m_IsPrefabAsset: 0
--- !u!4 &490172086 stripped
Transform:
  m_CorrespondingSourceObject: {fileID: 4037408060104992, guid: 6aac53b0119b93b4b8a621446f2f5c4a,
    type: 2}
  m_PrefabInternal: {fileID: 490172085}
--- !u!1001 &513784039
Prefab:
  m_ObjectHideFlags: 0
  serializedVersion: 2
  m_Modification:
    m_TransformParent: {fileID: 1721017452}
    m_Modifications:
    - target: {fileID: 4037408060104992, guid: 6aac53b0119b93b4b8a621446f2f5c4a, type: 2}
      propertyPath: m_LocalPosition.x
      value: 9.541803
      objectReference: {fileID: 0}
    - target: {fileID: 4037408060104992, guid: 6aac53b0119b93b4b8a621446f2f5c4a, type: 2}
      propertyPath: m_LocalPosition.y
      value: -1.7100565
      objectReference: {fileID: 0}
    - target: {fileID: 4037408060104992, guid: 6aac53b0119b93b4b8a621446f2f5c4a, type: 2}
      propertyPath: m_LocalPosition.z
      value: 0.15014996
      objectReference: {fileID: 0}
    - target: {fileID: 4037408060104992, guid: 6aac53b0119b93b4b8a621446f2f5c4a, type: 2}
      propertyPath: m_LocalRotation.x
      value: -0
      objectReference: {fileID: 0}
    - target: {fileID: 4037408060104992, guid: 6aac53b0119b93b4b8a621446f2f5c4a, type: 2}
      propertyPath: m_LocalRotation.y
      value: -0
      objectReference: {fileID: 0}
    - target: {fileID: 4037408060104992, guid: 6aac53b0119b93b4b8a621446f2f5c4a, type: 2}
      propertyPath: m_LocalRotation.z
      value: -0
      objectReference: {fileID: 0}
    - target: {fileID: 4037408060104992, guid: 6aac53b0119b93b4b8a621446f2f5c4a, type: 2}
      propertyPath: m_LocalRotation.w
      value: 1
      objectReference: {fileID: 0}
    - target: {fileID: 4037408060104992, guid: 6aac53b0119b93b4b8a621446f2f5c4a, type: 2}
      propertyPath: m_RootOrder
      value: 8
      objectReference: {fileID: 0}
    - target: {fileID: 1241743703126392, guid: 6aac53b0119b93b4b8a621446f2f5c4a, type: 2}
      propertyPath: m_Name
      value: Monster lvl2 (4)
      objectReference: {fileID: 0}
    - target: {fileID: 1241743703126392, guid: 6aac53b0119b93b4b8a621446f2f5c4a, type: 2}
      propertyPath: m_IsActive
      value: 0
      objectReference: {fileID: 0}
    m_RemovedComponents: []
  m_SourcePrefab: {fileID: 100100000, guid: 6aac53b0119b93b4b8a621446f2f5c4a, type: 2}
  m_IsPrefabAsset: 0
--- !u!4 &513784040 stripped
Transform:
  m_CorrespondingSourceObject: {fileID: 4037408060104992, guid: 6aac53b0119b93b4b8a621446f2f5c4a,
    type: 2}
  m_PrefabInternal: {fileID: 513784039}
--- !u!1001 &711349839
Prefab:
  m_ObjectHideFlags: 0
  serializedVersion: 2
  m_Modification:
    m_TransformParent: {fileID: 1721017452}
    m_Modifications:
    - target: {fileID: 4037408060104992, guid: 56ee8cd05a72346469ce871413522550, type: 2}
      propertyPath: m_LocalPosition.x
      value: 6.061804
      objectReference: {fileID: 0}
    - target: {fileID: 4037408060104992, guid: 56ee8cd05a72346469ce871413522550, type: 2}
      propertyPath: m_LocalPosition.y
      value: -0.71005654
      objectReference: {fileID: 0}
    - target: {fileID: 4037408060104992, guid: 56ee8cd05a72346469ce871413522550, type: 2}
      propertyPath: m_LocalPosition.z
      value: 0.15014996
      objectReference: {fileID: 0}
    - target: {fileID: 4037408060104992, guid: 56ee8cd05a72346469ce871413522550, type: 2}
      propertyPath: m_LocalRotation.x
      value: -0
      objectReference: {fileID: 0}
    - target: {fileID: 4037408060104992, guid: 56ee8cd05a72346469ce871413522550, type: 2}
      propertyPath: m_LocalRotation.y
      value: -0
      objectReference: {fileID: 0}
    - target: {fileID: 4037408060104992, guid: 56ee8cd05a72346469ce871413522550, type: 2}
      propertyPath: m_LocalRotation.z
      value: -0
      objectReference: {fileID: 0}
    - target: {fileID: 4037408060104992, guid: 56ee8cd05a72346469ce871413522550, type: 2}
      propertyPath: m_LocalRotation.w
      value: 1
      objectReference: {fileID: 0}
    - target: {fileID: 4037408060104992, guid: 56ee8cd05a72346469ce871413522550, type: 2}
      propertyPath: m_RootOrder
      value: 22
      objectReference: {fileID: 0}
    - target: {fileID: 1241743703126392, guid: 56ee8cd05a72346469ce871413522550, type: 2}
      propertyPath: m_Name
      value: Monster lvl1 (4)
      objectReference: {fileID: 0}
    m_RemovedComponents: []
  m_SourcePrefab: {fileID: 100100000, guid: 56ee8cd05a72346469ce871413522550, type: 2}
  m_IsPrefabAsset: 0
--- !u!4 &711349840 stripped
Transform:
  m_CorrespondingSourceObject: {fileID: 4037408060104992, guid: 56ee8cd05a72346469ce871413522550,
    type: 2}
  m_PrefabInternal: {fileID: 711349839}
--- !u!1001 &798103431
Prefab:
  m_ObjectHideFlags: 0
  serializedVersion: 2
  m_Modification:
    m_TransformParent: {fileID: 1721017452}
    m_Modifications:
    - target: {fileID: 4037408060104992, guid: 56ee8cd05a72346469ce871413522550, type: 2}
      propertyPath: m_LocalPosition.x
      value: 5.711804
      objectReference: {fileID: 0}
    - target: {fileID: 4037408060104992, guid: 56ee8cd05a72346469ce871413522550, type: 2}
      propertyPath: m_LocalPosition.y
      value: -3.5800567
      objectReference: {fileID: 0}
    - target: {fileID: 4037408060104992, guid: 56ee8cd05a72346469ce871413522550, type: 2}
      propertyPath: m_LocalPosition.z
      value: 0.15014996
      objectReference: {fileID: 0}
    - target: {fileID: 4037408060104992, guid: 56ee8cd05a72346469ce871413522550, type: 2}
      propertyPath: m_LocalRotation.x
      value: -0
      objectReference: {fileID: 0}
    - target: {fileID: 4037408060104992, guid: 56ee8cd05a72346469ce871413522550, type: 2}
      propertyPath: m_LocalRotation.y
      value: -0
      objectReference: {fileID: 0}
    - target: {fileID: 4037408060104992, guid: 56ee8cd05a72346469ce871413522550, type: 2}
      propertyPath: m_LocalRotation.z
      value: -0
      objectReference: {fileID: 0}
    - target: {fileID: 4037408060104992, guid: 56ee8cd05a72346469ce871413522550, type: 2}
      propertyPath: m_LocalRotation.w
      value: 1
      objectReference: {fileID: 0}
    - target: {fileID: 4037408060104992, guid: 56ee8cd05a72346469ce871413522550, type: 2}
      propertyPath: m_RootOrder
      value: 18
      objectReference: {fileID: 0}
    m_RemovedComponents: []
  m_SourcePrefab: {fileID: 100100000, guid: 56ee8cd05a72346469ce871413522550, type: 2}
  m_IsPrefabAsset: 0
--- !u!4 &798103432 stripped
Transform:
  m_CorrespondingSourceObject: {fileID: 4037408060104992, guid: 56ee8cd05a72346469ce871413522550,
    type: 2}
  m_PrefabInternal: {fileID: 798103431}
--- !u!1001 &805280519
Prefab:
  m_ObjectHideFlags: 0
  serializedVersion: 2
  m_Modification:
    m_TransformParent: {fileID: 1721017452}
    m_Modifications:
    - target: {fileID: 4037408060104992, guid: 56ee8cd05a72346469ce871413522550, type: 2}
      propertyPath: m_LocalPosition.x
      value: 9.441804
      objectReference: {fileID: 0}
    - target: {fileID: 4037408060104992, guid: 56ee8cd05a72346469ce871413522550, type: 2}
      propertyPath: m_LocalPosition.y
      value: 2.0799437
      objectReference: {fileID: 0}
    - target: {fileID: 4037408060104992, guid: 56ee8cd05a72346469ce871413522550, type: 2}
      propertyPath: m_LocalPosition.z
      value: 0.15014996
      objectReference: {fileID: 0}
    - target: {fileID: 4037408060104992, guid: 56ee8cd05a72346469ce871413522550, type: 2}
      propertyPath: m_LocalRotation.x
      value: -0
      objectReference: {fileID: 0}
    - target: {fileID: 4037408060104992, guid: 56ee8cd05a72346469ce871413522550, type: 2}
      propertyPath: m_LocalRotation.y
      value: -0
      objectReference: {fileID: 0}
    - target: {fileID: 4037408060104992, guid: 56ee8cd05a72346469ce871413522550, type: 2}
      propertyPath: m_LocalRotation.z
      value: -0
      objectReference: {fileID: 0}
    - target: {fileID: 4037408060104992, guid: 56ee8cd05a72346469ce871413522550, type: 2}
      propertyPath: m_LocalRotation.w
      value: 1
      objectReference: {fileID: 0}
    - target: {fileID: 4037408060104992, guid: 56ee8cd05a72346469ce871413522550, type: 2}
      propertyPath: m_RootOrder
      value: 21
      objectReference: {fileID: 0}
    - target: {fileID: 1241743703126392, guid: 56ee8cd05a72346469ce871413522550, type: 2}
      propertyPath: m_Name
      value: Monster lvl1 (3)
      objectReference: {fileID: 0}
    m_RemovedComponents: []
  m_SourcePrefab: {fileID: 100100000, guid: 56ee8cd05a72346469ce871413522550, type: 2}
  m_IsPrefabAsset: 0
--- !u!4 &805280520 stripped
Transform:
  m_CorrespondingSourceObject: {fileID: 4037408060104992, guid: 56ee8cd05a72346469ce871413522550,
    type: 2}
  m_PrefabInternal: {fileID: 805280519}
--- !u!1001 &845682934
Prefab:
  m_ObjectHideFlags: 0
  serializedVersion: 2
  m_Modification:
    m_TransformParent: {fileID: 1721017452}
    m_Modifications:
    - target: {fileID: 4037408060104992, guid: 6aac53b0119b93b4b8a621446f2f5c4a, type: 2}
      propertyPath: m_LocalPosition.x
      value: -3.2481964
      objectReference: {fileID: 0}
    - target: {fileID: 4037408060104992, guid: 6aac53b0119b93b4b8a621446f2f5c4a, type: 2}
      propertyPath: m_LocalPosition.y
      value: -0.8700565
      objectReference: {fileID: 0}
    - target: {fileID: 4037408060104992, guid: 6aac53b0119b93b4b8a621446f2f5c4a, type: 2}
      propertyPath: m_LocalPosition.z
      value: 0.15014996
      objectReference: {fileID: 0}
    - target: {fileID: 4037408060104992, guid: 6aac53b0119b93b4b8a621446f2f5c4a, type: 2}
      propertyPath: m_LocalRotation.x
      value: -0
      objectReference: {fileID: 0}
    - target: {fileID: 4037408060104992, guid: 6aac53b0119b93b4b8a621446f2f5c4a, type: 2}
      propertyPath: m_LocalRotation.y
      value: -0
      objectReference: {fileID: 0}
    - target: {fileID: 4037408060104992, guid: 6aac53b0119b93b4b8a621446f2f5c4a, type: 2}
      propertyPath: m_LocalRotation.z
      value: -0
      objectReference: {fileID: 0}
    - target: {fileID: 4037408060104992, guid: 6aac53b0119b93b4b8a621446f2f5c4a, type: 2}
      propertyPath: m_LocalRotation.w
      value: 1
      objectReference: {fileID: 0}
    - target: {fileID: 4037408060104992, guid: 6aac53b0119b93b4b8a621446f2f5c4a, type: 2}
      propertyPath: m_RootOrder
      value: 1
      objectReference: {fileID: 0}
    - target: {fileID: 1241743703126392, guid: 6aac53b0119b93b4b8a621446f2f5c4a, type: 2}
      propertyPath: m_IsActive
      value: 0
      objectReference: {fileID: 0}
    m_RemovedComponents: []
  m_SourcePrefab: {fileID: 100100000, guid: 6aac53b0119b93b4b8a621446f2f5c4a, type: 2}
  m_IsPrefabAsset: 0
--- !u!4 &845682935 stripped
Transform:
  m_CorrespondingSourceObject: {fileID: 4037408060104992, guid: 6aac53b0119b93b4b8a621446f2f5c4a,
    type: 2}
  m_PrefabInternal: {fileID: 845682934}
--- !u!1001 &884184878
Prefab:
  m_ObjectHideFlags: 0
  serializedVersion: 2
  m_Modification:
    m_TransformParent: {fileID: 1721017452}
    m_Modifications:
    - target: {fileID: 4719696398180978, guid: afad3377a7fc1054ba3961d0d77ab717, type: 2}
      propertyPath: m_LocalPosition.x
      value: 0.36180377
      objectReference: {fileID: 0}
    - target: {fileID: 4719696398180978, guid: afad3377a7fc1054ba3961d0d77ab717, type: 2}
      propertyPath: m_LocalPosition.y
      value: 0.8599435
      objectReference: {fileID: 0}
    - target: {fileID: 4719696398180978, guid: afad3377a7fc1054ba3961d0d77ab717, type: 2}
      propertyPath: m_LocalPosition.z
      value: -0.17401259
      objectReference: {fileID: 0}
    - target: {fileID: 4719696398180978, guid: afad3377a7fc1054ba3961d0d77ab717, type: 2}
      propertyPath: m_LocalRotation.x
      value: -0
      objectReference: {fileID: 0}
    - target: {fileID: 4719696398180978, guid: afad3377a7fc1054ba3961d0d77ab717, type: 2}
      propertyPath: m_LocalRotation.y
      value: -0
      objectReference: {fileID: 0}
    - target: {fileID: 4719696398180978, guid: afad3377a7fc1054ba3961d0d77ab717, type: 2}
      propertyPath: m_LocalRotation.z
      value: -0
      objectReference: {fileID: 0}
    - target: {fileID: 4719696398180978, guid: afad3377a7fc1054ba3961d0d77ab717, type: 2}
      propertyPath: m_LocalRotation.w
      value: 1
      objectReference: {fileID: 0}
    - target: {fileID: 4719696398180978, guid: afad3377a7fc1054ba3961d0d77ab717, type: 2}
      propertyPath: m_RootOrder
      value: 4
      objectReference: {fileID: 0}
    - target: {fileID: 1132052845262152, guid: afad3377a7fc1054ba3961d0d77ab717, type: 2}
      propertyPath: m_Name
      value: DestroyWall (2)
      objectReference: {fileID: 0}
    - target: {fileID: 1132052845262152, guid: afad3377a7fc1054ba3961d0d77ab717, type: 2}
      propertyPath: m_IsActive
      value: 1
      objectReference: {fileID: 0}
    m_RemovedComponents: []
  m_SourcePrefab: {fileID: 100100000, guid: afad3377a7fc1054ba3961d0d77ab717, type: 2}
  m_IsPrefabAsset: 0
--- !u!4 &884184879 stripped
Transform:
  m_CorrespondingSourceObject: {fileID: 4719696398180978, guid: afad3377a7fc1054ba3961d0d77ab717,
    type: 2}
  m_PrefabInternal: {fileID: 884184878}
--- !u!1001 &928971533
Prefab:
  m_ObjectHideFlags: 0
  serializedVersion: 2
  m_Modification:
    m_TransformParent: {fileID: 1721017452}
    m_Modifications:
    - target: {fileID: 4037408060104992, guid: 56ee8cd05a72346469ce871413522550, type: 2}
      propertyPath: m_LocalPosition.x
      value: 9.341804
      objectReference: {fileID: 0}
    - target: {fileID: 4037408060104992, guid: 56ee8cd05a72346469ce871413522550, type: 2}
      propertyPath: m_LocalPosition.y
      value: -3.5500565
      objectReference: {fileID: 0}
    - target: {fileID: 4037408060104992, guid: 56ee8cd05a72346469ce871413522550, type: 2}
      propertyPath: m_LocalPosition.z
      value: 0.15014996
      objectReference: {fileID: 0}
    - target: {fileID: 4037408060104992, guid: 56ee8cd05a72346469ce871413522550, type: 2}
      propertyPath: m_LocalRotation.x
      value: -0
      objectReference: {fileID: 0}
    - target: {fileID: 4037408060104992, guid: 56ee8cd05a72346469ce871413522550, type: 2}
      propertyPath: m_LocalRotation.y
      value: -0
      objectReference: {fileID: 0}
    - target: {fileID: 4037408060104992, guid: 56ee8cd05a72346469ce871413522550, type: 2}
      propertyPath: m_LocalRotation.z
      value: -0
      objectReference: {fileID: 0}
    - target: {fileID: 4037408060104992, guid: 56ee8cd05a72346469ce871413522550, type: 2}
      propertyPath: m_LocalRotation.w
      value: 1
      objectReference: {fileID: 0}
    - target: {fileID: 4037408060104992, guid: 56ee8cd05a72346469ce871413522550, type: 2}
      propertyPath: m_RootOrder
      value: 19
      objectReference: {fileID: 0}
    - target: {fileID: 1241743703126392, guid: 56ee8cd05a72346469ce871413522550, type: 2}
      propertyPath: m_Name
      value: Monster lvl1 (1)
      objectReference: {fileID: 0}
    m_RemovedComponents: []
  m_SourcePrefab: {fileID: 100100000, guid: 56ee8cd05a72346469ce871413522550, type: 2}
  m_IsPrefabAsset: 0
--- !u!4 &928971534 stripped
Transform:
  m_CorrespondingSourceObject: {fileID: 4037408060104992, guid: 56ee8cd05a72346469ce871413522550,
    type: 2}
  m_PrefabInternal: {fileID: 928971533}
--- !u!1001 &945534059
Prefab:
  m_ObjectHideFlags: 0
  serializedVersion: 2
  m_Modification:
    m_TransformParent: {fileID: 1721017452}
    m_Modifications:
    - target: {fileID: 4719696398180978, guid: afad3377a7fc1054ba3961d0d77ab717, type: 2}
      propertyPath: m_LocalPosition.x
      value: 0.36180377
      objectReference: {fileID: 0}
    - target: {fileID: 4719696398180978, guid: afad3377a7fc1054ba3961d0d77ab717, type: 2}
      propertyPath: m_LocalPosition.y
      value: -0.10005653
      objectReference: {fileID: 0}
    - target: {fileID: 4719696398180978, guid: afad3377a7fc1054ba3961d0d77ab717, type: 2}
      propertyPath: m_LocalPosition.z
      value: -0.17401259
      objectReference: {fileID: 0}
    - target: {fileID: 4719696398180978, guid: afad3377a7fc1054ba3961d0d77ab717, type: 2}
      propertyPath: m_LocalRotation.x
      value: -0
      objectReference: {fileID: 0}
    - target: {fileID: 4719696398180978, guid: afad3377a7fc1054ba3961d0d77ab717, type: 2}
      propertyPath: m_LocalRotation.y
      value: -0
      objectReference: {fileID: 0}
    - target: {fileID: 4719696398180978, guid: afad3377a7fc1054ba3961d0d77ab717, type: 2}
      propertyPath: m_LocalRotation.z
      value: -0
      objectReference: {fileID: 0}
    - target: {fileID: 4719696398180978, guid: afad3377a7fc1054ba3961d0d77ab717, type: 2}
      propertyPath: m_LocalRotation.w
      value: 1
      objectReference: {fileID: 0}
    - target: {fileID: 4719696398180978, guid: afad3377a7fc1054ba3961d0d77ab717, type: 2}
      propertyPath: m_RootOrder
      value: 12
      objectReference: {fileID: 0}
    - target: {fileID: 1132052845262152, guid: afad3377a7fc1054ba3961d0d77ab717, type: 2}
      propertyPath: m_Name
      value: DestroyWall (5)
      objectReference: {fileID: 0}
    m_RemovedComponents: []
  m_SourcePrefab: {fileID: 100100000, guid: afad3377a7fc1054ba3961d0d77ab717, type: 2}
  m_IsPrefabAsset: 0
--- !u!4 &945534060 stripped
Transform:
  m_CorrespondingSourceObject: {fileID: 4719696398180978, guid: afad3377a7fc1054ba3961d0d77ab717,
    type: 2}
  m_PrefabInternal: {fileID: 945534059}
--- !u!1001 &996517144
Prefab:
  m_ObjectHideFlags: 0
  serializedVersion: 2
  m_Modification:
    m_TransformParent: {fileID: 1721017452}
    m_Modifications:
    - target: {fileID: 4719696398180978, guid: afad3377a7fc1054ba3961d0d77ab717, type: 2}
      propertyPath: m_LocalPosition.x
      value: 0.36180377
      objectReference: {fileID: 0}
    - target: {fileID: 4719696398180978, guid: afad3377a7fc1054ba3961d0d77ab717, type: 2}
      propertyPath: m_LocalPosition.y
      value: -4.5420566
      objectReference: {fileID: 0}
    - target: {fileID: 4719696398180978, guid: afad3377a7fc1054ba3961d0d77ab717, type: 2}
      propertyPath: m_LocalPosition.z
      value: -0.17401259
      objectReference: {fileID: 0}
    - target: {fileID: 4719696398180978, guid: afad3377a7fc1054ba3961d0d77ab717, type: 2}
      propertyPath: m_LocalRotation.x
      value: -0
      objectReference: {fileID: 0}
    - target: {fileID: 4719696398180978, guid: afad3377a7fc1054ba3961d0d77ab717, type: 2}
      propertyPath: m_LocalRotation.y
      value: -0
      objectReference: {fileID: 0}
    - target: {fileID: 4719696398180978, guid: afad3377a7fc1054ba3961d0d77ab717, type: 2}
      propertyPath: m_LocalRotation.z
      value: -0
      objectReference: {fileID: 0}
    - target: {fileID: 4719696398180978, guid: afad3377a7fc1054ba3961d0d77ab717, type: 2}
      propertyPath: m_LocalRotation.w
      value: 1
      objectReference: {fileID: 0}
    - target: {fileID: 4719696398180978, guid: afad3377a7fc1054ba3961d0d77ab717, type: 2}
      propertyPath: m_RootOrder
      value: 14
      objectReference: {fileID: 0}
    - target: {fileID: 1132052845262152, guid: afad3377a7fc1054ba3961d0d77ab717, type: 2}
      propertyPath: m_Name
      value: DestroyWall (7)
      objectReference: {fileID: 0}
    m_RemovedComponents: []
  m_SourcePrefab: {fileID: 100100000, guid: afad3377a7fc1054ba3961d0d77ab717, type: 2}
  m_IsPrefabAsset: 0
--- !u!4 &996517145 stripped
Transform:
  m_CorrespondingSourceObject: {fileID: 4719696398180978, guid: afad3377a7fc1054ba3961d0d77ab717,
    type: 2}
  m_PrefabInternal: {fileID: 996517144}
--- !u!1001 &1193470345
Prefab:
  m_ObjectHideFlags: 0
  serializedVersion: 2
  m_Modification:
    m_TransformParent: {fileID: 1721017452}
    m_Modifications:
    - target: {fileID: 4719696398180978, guid: afad3377a7fc1054ba3961d0d77ab717, type: 2}
      propertyPath: m_LocalPosition.x
      value: 0.36180377
      objectReference: {fileID: 0}
    - target: {fileID: 4719696398180978, guid: afad3377a7fc1054ba3961d0d77ab717, type: 2}
      propertyPath: m_LocalPosition.y
      value: -1.9200565
      objectReference: {fileID: 0}
    - target: {fileID: 4719696398180978, guid: afad3377a7fc1054ba3961d0d77ab717, type: 2}
      propertyPath: m_LocalPosition.z
      value: -0.17401259
      objectReference: {fileID: 0}
    - target: {fileID: 4719696398180978, guid: afad3377a7fc1054ba3961d0d77ab717, type: 2}
      propertyPath: m_LocalRotation.x
      value: -0
      objectReference: {fileID: 0}
    - target: {fileID: 4719696398180978, guid: afad3377a7fc1054ba3961d0d77ab717, type: 2}
      propertyPath: m_LocalRotation.y
      value: -0
      objectReference: {fileID: 0}
    - target: {fileID: 4719696398180978, guid: afad3377a7fc1054ba3961d0d77ab717, type: 2}
      propertyPath: m_LocalRotation.z
      value: -0
      objectReference: {fileID: 0}
    - target: {fileID: 4719696398180978, guid: afad3377a7fc1054ba3961d0d77ab717, type: 2}
      propertyPath: m_LocalRotation.w
      value: 1
      objectReference: {fileID: 0}
    - target: {fileID: 4719696398180978, guid: afad3377a7fc1054ba3961d0d77ab717, type: 2}
      propertyPath: m_RootOrder
      value: 11
      objectReference: {fileID: 0}
    - target: {fileID: 1132052845262152, guid: afad3377a7fc1054ba3961d0d77ab717, type: 2}
      propertyPath: m_Name
      value: DestroyWall (4)
      objectReference: {fileID: 0}
    m_RemovedComponents: []
  m_SourcePrefab: {fileID: 100100000, guid: afad3377a7fc1054ba3961d0d77ab717, type: 2}
  m_IsPrefabAsset: 0
--- !u!4 &1193470346 stripped
Transform:
  m_CorrespondingSourceObject: {fileID: 4719696398180978, guid: afad3377a7fc1054ba3961d0d77ab717,
    type: 2}
  m_PrefabInternal: {fileID: 1193470345}
--- !u!1001 &1366935824
Prefab:
  m_ObjectHideFlags: 0
  serializedVersion: 2
  m_Modification:
    m_TransformParent: {fileID: 1721017452}
    m_Modifications:
    - target: {fileID: 4719696398180978, guid: afad3377a7fc1054ba3961d0d77ab717, type: 2}
      propertyPath: m_LocalPosition.x
      value: 0.36180377
      objectReference: {fileID: 0}
    - target: {fileID: 4719696398180978, guid: afad3377a7fc1054ba3961d0d77ab717, type: 2}
      propertyPath: m_LocalPosition.y
      value: -0.9800565
      objectReference: {fileID: 0}
    - target: {fileID: 4719696398180978, guid: afad3377a7fc1054ba3961d0d77ab717, type: 2}
      propertyPath: m_LocalPosition.z
      value: -0.17401259
      objectReference: {fileID: 0}
    - target: {fileID: 4719696398180978, guid: afad3377a7fc1054ba3961d0d77ab717, type: 2}
      propertyPath: m_LocalRotation.x
      value: -0
      objectReference: {fileID: 0}
    - target: {fileID: 4719696398180978, guid: afad3377a7fc1054ba3961d0d77ab717, type: 2}
      propertyPath: m_LocalRotation.y
      value: -0
      objectReference: {fileID: 0}
    - target: {fileID: 4719696398180978, guid: afad3377a7fc1054ba3961d0d77ab717, type: 2}
      propertyPath: m_LocalRotation.z
      value: -0
      objectReference: {fileID: 0}
    - target: {fileID: 4719696398180978, guid: afad3377a7fc1054ba3961d0d77ab717, type: 2}
      propertyPath: m_LocalRotation.w
      value: 1
      objectReference: {fileID: 0}
    - target: {fileID: 4719696398180978, guid: afad3377a7fc1054ba3961d0d77ab717, type: 2}
      propertyPath: m_RootOrder
      value: 10
      objectReference: {fileID: 0}
    - target: {fileID: 1132052845262152, guid: afad3377a7fc1054ba3961d0d77ab717, type: 2}
      propertyPath: m_Name
      value: DestroyWall (3)
      objectReference: {fileID: 0}
    m_RemovedComponents: []
  m_SourcePrefab: {fileID: 100100000, guid: afad3377a7fc1054ba3961d0d77ab717, type: 2}
  m_IsPrefabAsset: 0
--- !u!4 &1366935825 stripped
Transform:
  m_CorrespondingSourceObject: {fileID: 4719696398180978, guid: afad3377a7fc1054ba3961d0d77ab717,
    type: 2}
  m_PrefabInternal: {fileID: 1366935824}
--- !u!1001 &1400273076
Prefab:
  m_ObjectHideFlags: 0
  serializedVersion: 2
  m_Modification:
    m_TransformParent: {fileID: 1721017452}
    m_Modifications:
    - target: {fileID: 4037408060104992, guid: 6aac53b0119b93b4b8a621446f2f5c4a, type: 2}
      propertyPath: m_LocalPosition.x
      value: -2.318196
      objectReference: {fileID: 0}
    - target: {fileID: 4037408060104992, guid: 6aac53b0119b93b4b8a621446f2f5c4a, type: 2}
      propertyPath: m_LocalPosition.y
      value: -1.0400565
      objectReference: {fileID: 0}
    - target: {fileID: 4037408060104992, guid: 6aac53b0119b93b4b8a621446f2f5c4a, type: 2}
      propertyPath: m_LocalPosition.z
      value: 0.15014996
      objectReference: {fileID: 0}
    - target: {fileID: 4037408060104992, guid: 6aac53b0119b93b4b8a621446f2f5c4a, type: 2}
      propertyPath: m_LocalRotation.x
      value: -0
      objectReference: {fileID: 0}
    - target: {fileID: 4037408060104992, guid: 6aac53b0119b93b4b8a621446f2f5c4a, type: 2}
      propertyPath: m_LocalRotation.y
      value: -0
      objectReference: {fileID: 0}
    - target: {fileID: 4037408060104992, guid: 6aac53b0119b93b4b8a621446f2f5c4a, type: 2}
      propertyPath: m_LocalRotation.z
      value: -0
      objectReference: {fileID: 0}
    - target: {fileID: 4037408060104992, guid: 6aac53b0119b93b4b8a621446f2f5c4a, type: 2}
      propertyPath: m_LocalRotation.w
      value: 1
      objectReference: {fileID: 0}
    - target: {fileID: 4037408060104992, guid: 6aac53b0119b93b4b8a621446f2f5c4a, type: 2}
      propertyPath: m_RootOrder
      value: 16
      objectReference: {fileID: 0}
    - target: {fileID: 1241743703126392, guid: 6aac53b0119b93b4b8a621446f2f5c4a, type: 2}
      propertyPath: m_Name
      value: Monster lvl2 (6)
      objectReference: {fileID: 0}
    - target: {fileID: 1241743703126392, guid: 6aac53b0119b93b4b8a621446f2f5c4a, type: 2}
      propertyPath: m_IsActive
      value: 1
      objectReference: {fileID: 0}
    m_RemovedComponents: []
  m_SourcePrefab: {fileID: 100100000, guid: 6aac53b0119b93b4b8a621446f2f5c4a, type: 2}
  m_IsPrefabAsset: 0
--- !u!4 &1400273077 stripped
Transform:
  m_CorrespondingSourceObject: {fileID: 4037408060104992, guid: 6aac53b0119b93b4b8a621446f2f5c4a,
    type: 2}
  m_PrefabInternal: {fileID: 1400273076}
--- !u!1001 &1538391586
Prefab:
  m_ObjectHideFlags: 0
  serializedVersion: 2
  m_Modification:
    m_TransformParent: {fileID: 1721017452}
    m_Modifications:
    - target: {fileID: 4719696398180978, guid: afad3377a7fc1054ba3961d0d77ab717, type: 2}
      propertyPath: m_LocalPosition.x
      value: 0.36180377
      objectReference: {fileID: 0}
    - target: {fileID: 4719696398180978, guid: afad3377a7fc1054ba3961d0d77ab717, type: 2}
      propertyPath: m_LocalPosition.y
      value: -3.6900563
      objectReference: {fileID: 0}
    - target: {fileID: 4719696398180978, guid: afad3377a7fc1054ba3961d0d77ab717, type: 2}
      propertyPath: m_LocalPosition.z
      value: -0.17401259
      objectReference: {fileID: 0}
    - target: {fileID: 4719696398180978, guid: afad3377a7fc1054ba3961d0d77ab717, type: 2}
      propertyPath: m_LocalRotation.x
      value: -0
      objectReference: {fileID: 0}
    - target: {fileID: 4719696398180978, guid: afad3377a7fc1054ba3961d0d77ab717, type: 2}
      propertyPath: m_LocalRotation.y
      value: -0
      objectReference: {fileID: 0}
    - target: {fileID: 4719696398180978, guid: afad3377a7fc1054ba3961d0d77ab717, type: 2}
      propertyPath: m_LocalRotation.z
      value: -0
      objectReference: {fileID: 0}
    - target: {fileID: 4719696398180978, guid: afad3377a7fc1054ba3961d0d77ab717, type: 2}
      propertyPath: m_LocalRotation.w
      value: 1
      objectReference: {fileID: 0}
    - target: {fileID: 4719696398180978, guid: afad3377a7fc1054ba3961d0d77ab717, type: 2}
      propertyPath: m_RootOrder
      value: 13
      objectReference: {fileID: 0}
    - target: {fileID: 1132052845262152, guid: afad3377a7fc1054ba3961d0d77ab717, type: 2}
      propertyPath: m_Name
      value: DestroyWall (6)
      objectReference: {fileID: 0}
    m_RemovedComponents: []
  m_SourcePrefab: {fileID: 100100000, guid: afad3377a7fc1054ba3961d0d77ab717, type: 2}
  m_IsPrefabAsset: 0
--- !u!4 &1538391587 stripped
Transform:
  m_CorrespondingSourceObject: {fileID: 4719696398180978, guid: afad3377a7fc1054ba3961d0d77ab717,
    type: 2}
  m_PrefabInternal: {fileID: 1538391586}
--- !u!1001 &1566041471
Prefab:
  m_ObjectHideFlags: 0
  serializedVersion: 2
  m_Modification:
    m_TransformParent: {fileID: 1721017452}
    m_Modifications:
    - target: {fileID: 4037408060104992, guid: 6aac53b0119b93b4b8a621446f2f5c4a, type: 2}
      propertyPath: m_LocalPosition.x
      value: -2.318196
      objectReference: {fileID: 0}
    - target: {fileID: 4037408060104992, guid: 6aac53b0119b93b4b8a621446f2f5c4a, type: 2}
      propertyPath: m_LocalPosition.y
      value: 1.4599434
      objectReference: {fileID: 0}
    - target: {fileID: 4037408060104992, guid: 6aac53b0119b93b4b8a621446f2f5c4a, type: 2}
      propertyPath: m_LocalPosition.z
      value: 0.15014996
      objectReference: {fileID: 0}
    - target: {fileID: 4037408060104992, guid: 6aac53b0119b93b4b8a621446f2f5c4a, type: 2}
      propertyPath: m_LocalRotation.x
      value: -0
      objectReference: {fileID: 0}
    - target: {fileID: 4037408060104992, guid: 6aac53b0119b93b4b8a621446f2f5c4a, type: 2}
      propertyPath: m_LocalRotation.y
      value: -0
      objectReference: {fileID: 0}
    - target: {fileID: 4037408060104992, guid: 6aac53b0119b93b4b8a621446f2f5c4a, type: 2}
      propertyPath: m_LocalRotation.z
      value: -0
      objectReference: {fileID: 0}
    - target: {fileID: 4037408060104992, guid: 6aac53b0119b93b4b8a621446f2f5c4a, type: 2}
      propertyPath: m_LocalRotation.w
      value: 1
      objectReference: {fileID: 0}
    - target: {fileID: 4037408060104992, guid: 6aac53b0119b93b4b8a621446f2f5c4a, type: 2}
      propertyPath: m_RootOrder
      value: 5
      objectReference: {fileID: 0}
    - target: {fileID: 1241743703126392, guid: 6aac53b0119b93b4b8a621446f2f5c4a, type: 2}
      propertyPath: m_Name
      value: Monster lvl2 (1)
      objectReference: {fileID: 0}
    - target: {fileID: 1241743703126392, guid: 6aac53b0119b93b4b8a621446f2f5c4a, type: 2}
      propertyPath: m_IsActive
      value: 1
      objectReference: {fileID: 0}
    m_RemovedComponents: []
  m_SourcePrefab: {fileID: 100100000, guid: 6aac53b0119b93b4b8a621446f2f5c4a, type: 2}
  m_IsPrefabAsset: 0
--- !u!4 &1566041472 stripped
Transform:
  m_CorrespondingSourceObject: {fileID: 4037408060104992, guid: 6aac53b0119b93b4b8a621446f2f5c4a,
    type: 2}
  m_PrefabInternal: {fileID: 1566041471}
--- !u!1001 &1589135707
Prefab:
  m_ObjectHideFlags: 0
  serializedVersion: 2
  m_Modification:
    m_TransformParent: {fileID: 1721017452}
    m_Modifications:
    - target: {fileID: 4719696398180978, guid: afad3377a7fc1054ba3961d0d77ab717, type: 2}
      propertyPath: m_LocalPosition.x
      value: 0.36180377
      objectReference: {fileID: 0}
    - target: {fileID: 4719696398180978, guid: afad3377a7fc1054ba3961d0d77ab717, type: 2}
      propertyPath: m_LocalPosition.y
      value: 1.7999436
      objectReference: {fileID: 0}
    - target: {fileID: 4719696398180978, guid: afad3377a7fc1054ba3961d0d77ab717, type: 2}
      propertyPath: m_LocalPosition.z
      value: -0.17401259
      objectReference: {fileID: 0}
    - target: {fileID: 4719696398180978, guid: afad3377a7fc1054ba3961d0d77ab717, type: 2}
      propertyPath: m_LocalRotation.x
      value: -0
      objectReference: {fileID: 0}
    - target: {fileID: 4719696398180978, guid: afad3377a7fc1054ba3961d0d77ab717, type: 2}
      propertyPath: m_LocalRotation.y
      value: -0
      objectReference: {fileID: 0}
    - target: {fileID: 4719696398180978, guid: afad3377a7fc1054ba3961d0d77ab717, type: 2}
      propertyPath: m_LocalRotation.z
      value: -0
      objectReference: {fileID: 0}
    - target: {fileID: 4719696398180978, guid: afad3377a7fc1054ba3961d0d77ab717, type: 2}
      propertyPath: m_LocalRotation.w
      value: 1
      objectReference: {fileID: 0}
    - target: {fileID: 4719696398180978, guid: afad3377a7fc1054ba3961d0d77ab717, type: 2}
      propertyPath: m_RootOrder
      value: 3
      objectReference: {fileID: 0}
    - target: {fileID: 1132052845262152, guid: afad3377a7fc1054ba3961d0d77ab717, type: 2}
      propertyPath: m_Name
      value: DestroyWall (1)
      objectReference: {fileID: 0}
    - target: {fileID: 1132052845262152, guid: afad3377a7fc1054ba3961d0d77ab717, type: 2}
      propertyPath: m_IsActive
      value: 1
      objectReference: {fileID: 0}
    m_RemovedComponents: []
  m_SourcePrefab: {fileID: 100100000, guid: afad3377a7fc1054ba3961d0d77ab717, type: 2}
  m_IsPrefabAsset: 0
--- !u!4 &1589135708 stripped
Transform:
  m_CorrespondingSourceObject: {fileID: 4719696398180978, guid: afad3377a7fc1054ba3961d0d77ab717,
    type: 2}
  m_PrefabInternal: {fileID: 1589135707}
--- !u!1001 &1621357749
Prefab:
  m_ObjectHideFlags: 0
  serializedVersion: 2
  m_Modification:
    m_TransformParent: {fileID: 1721017452}
    m_Modifications:
    - target: {fileID: 4719696398180978, guid: afad3377a7fc1054ba3961d0d77ab717, type: 2}
      propertyPath: m_LocalPosition.x
      value: 0.36180377
      objectReference: {fileID: 0}
    - target: {fileID: 4719696398180978, guid: afad3377a7fc1054ba3961d0d77ab717, type: 2}
      propertyPath: m_LocalPosition.y
      value: -2.8100567
      objectReference: {fileID: 0}
    - target: {fileID: 4719696398180978, guid: afad3377a7fc1054ba3961d0d77ab717, type: 2}
      propertyPath: m_LocalPosition.z
      value: -0.17401259
      objectReference: {fileID: 0}
    - target: {fileID: 4719696398180978, guid: afad3377a7fc1054ba3961d0d77ab717, type: 2}
      propertyPath: m_LocalRotation.x
      value: -0
      objectReference: {fileID: 0}
    - target: {fileID: 4719696398180978, guid: afad3377a7fc1054ba3961d0d77ab717, type: 2}
      propertyPath: m_LocalRotation.y
      value: -0
      objectReference: {fileID: 0}
    - target: {fileID: 4719696398180978, guid: afad3377a7fc1054ba3961d0d77ab717, type: 2}
      propertyPath: m_LocalRotation.z
      value: -0
      objectReference: {fileID: 0}
    - target: {fileID: 4719696398180978, guid: afad3377a7fc1054ba3961d0d77ab717, type: 2}
      propertyPath: m_LocalRotation.w
      value: 1
      objectReference: {fileID: 0}
    - target: {fileID: 4719696398180978, guid: afad3377a7fc1054ba3961d0d77ab717, type: 2}
      propertyPath: m_RootOrder
      value: 15
      objectReference: {fileID: 0}
    - target: {fileID: 1132052845262152, guid: afad3377a7fc1054ba3961d0d77ab717, type: 2}
      propertyPath: m_Name
      value: DestroyWall (8)
      objectReference: {fileID: 0}
    m_RemovedComponents: []
  m_SourcePrefab: {fileID: 100100000, guid: afad3377a7fc1054ba3961d0d77ab717, type: 2}
  m_IsPrefabAsset: 0
--- !u!4 &1621357750 stripped
Transform:
  m_CorrespondingSourceObject: {fileID: 4719696398180978, guid: afad3377a7fc1054ba3961d0d77ab717,
    type: 2}
  m_PrefabInternal: {fileID: 1621357749}
--- !u!1 &1721017451
GameObject:
  m_ObjectHideFlags: 0
  m_CorrespondingSourceObject: {fileID: 0}
  m_PrefabInternal: {fileID: 0}
  serializedVersion: 6
  m_Component:
  - component: {fileID: 1721017452}
  m_Layer: 0
  m_Name: LevelRoot
  m_TagString: Untagged
  m_Icon: {fileID: 0}
  m_NavMeshLayer: 0
  m_StaticEditorFlags: 0
  m_IsActive: 1
--- !u!4 &1721017452
Transform:
  m_ObjectHideFlags: 0
  m_CorrespondingSourceObject: {fileID: 0}
  m_PrefabInternal: {fileID: 0}
  m_GameObject: {fileID: 1721017451}
  m_LocalRotation: {x: 0, y: 0, z: 0, w: 1}
  m_LocalPosition: {x: -3.0718038, y: 1.1200565, z: -0.22439401}
  m_LocalScale: {x: 1, y: 1, z: 1}
  m_Children:
  - {fileID: 1969617392}
  - {fileID: 845682935}
  - {fileID: 191168911}
  - {fileID: 1589135708}
  - {fileID: 884184879}
  - {fileID: 1566041472}
  - {fileID: 2075356795}
  - {fileID: 1928968797}
  - {fileID: 513784040}
  - {fileID: 490172086}
  - {fileID: 1366935825}
  - {fileID: 1193470346}
  - {fileID: 945534060}
  - {fileID: 1538391587}
  - {fileID: 996517145}
  - {fileID: 1621357750}
  - {fileID: 1400273077}
  - {fileID: 2095482578}
  - {fileID: 798103432}
  - {fileID: 928971534}
  - {fileID: 2089445032}
  - {fileID: 805280520}
  - {fileID: 711349840}
  m_Father: {fileID: 0}
  m_RootOrder: 0
  m_LocalEulerAnglesHint: {x: 0, y: 0, z: 0}
--- !u!1001 &1928968796
Prefab:
  m_ObjectHideFlags: 0
  serializedVersion: 2
  m_Modification:
    m_TransformParent: {fileID: 1721017452}
    m_Modifications:
    - target: {fileID: 4037408060104992, guid: 6aac53b0119b93b4b8a621446f2f5c4a, type: 2}
      propertyPath: m_LocalPosition.x
      value: 8.411804
      objectReference: {fileID: 0}
    - target: {fileID: 4037408060104992, guid: 6aac53b0119b93b4b8a621446f2f5c4a, type: 2}
      propertyPath: m_LocalPosition.y
      value: -3.5300565
      objectReference: {fileID: 0}
    - target: {fileID: 4037408060104992, guid: 6aac53b0119b93b4b8a621446f2f5c4a, type: 2}
      propertyPath: m_LocalPosition.z
      value: 0.15014996
      objectReference: {fileID: 0}
    - target: {fileID: 4037408060104992, guid: 6aac53b0119b93b4b8a621446f2f5c4a, type: 2}
      propertyPath: m_LocalRotation.x
      value: -0
      objectReference: {fileID: 0}
    - target: {fileID: 4037408060104992, guid: 6aac53b0119b93b4b8a621446f2f5c4a, type: 2}
      propertyPath: m_LocalRotation.y
      value: -0
      objectReference: {fileID: 0}
    - target: {fileID: 4037408060104992, guid: 6aac53b0119b93b4b8a621446f2f5c4a, type: 2}
      propertyPath: m_LocalRotation.z
      value: -0
      objectReference: {fileID: 0}
    - target: {fileID: 4037408060104992, guid: 6aac53b0119b93b4b8a621446f2f5c4a, type: 2}
      propertyPath: m_LocalRotation.w
      value: 1
      objectReference: {fileID: 0}
    - target: {fileID: 4037408060104992, guid: 6aac53b0119b93b4b8a621446f2f5c4a, type: 2}
      propertyPath: m_RootOrder
      value: 7
      objectReference: {fileID: 0}
    - target: {fileID: 1241743703126392, guid: 6aac53b0119b93b4b8a621446f2f5c4a, type: 2}
      propertyPath: m_Name
      value: Monster lvl2 (3)
      objectReference: {fileID: 0}
    - target: {fileID: 1241743703126392, guid: 6aac53b0119b93b4b8a621446f2f5c4a, type: 2}
      propertyPath: m_IsActive
      value: 0
      objectReference: {fileID: 0}
    m_RemovedComponents: []
  m_SourcePrefab: {fileID: 100100000, guid: 6aac53b0119b93b4b8a621446f2f5c4a, type: 2}
  m_IsPrefabAsset: 0
--- !u!4 &1928968797 stripped
Transform:
  m_CorrespondingSourceObject: {fileID: 4037408060104992, guid: 6aac53b0119b93b4b8a621446f2f5c4a,
    type: 2}
  m_PrefabInternal: {fileID: 1928968796}
--- !u!1001 &1969617391
Prefab:
  m_ObjectHideFlags: 0
  serializedVersion: 2
  m_Modification:
    m_TransformParent: {fileID: 1721017452}
    m_Modifications:
    - target: {fileID: 4298080671265850, guid: 0548e829ab2890a47b6c767d56cdc869, type: 2}
      propertyPath: m_LocalPosition.x
      value: 9.401804
      objectReference: {fileID: 0}
    - target: {fileID: 4298080671265850, guid: 0548e829ab2890a47b6c767d56cdc869, type: 2}
      propertyPath: m_LocalPosition.y
      value: -1.1200565
      objectReference: {fileID: 0}
    - target: {fileID: 4298080671265850, guid: 0548e829ab2890a47b6c767d56cdc869, type: 2}
      propertyPath: m_LocalPosition.z
      value: 0.22439401
      objectReference: {fileID: 0}
    - target: {fileID: 4298080671265850, guid: 0548e829ab2890a47b6c767d56cdc869, type: 2}
      propertyPath: m_LocalRotation.x
      value: -0
      objectReference: {fileID: 0}
    - target: {fileID: 4298080671265850, guid: 0548e829ab2890a47b6c767d56cdc869, type: 2}
      propertyPath: m_LocalRotation.y
      value: -0
      objectReference: {fileID: 0}
    - target: {fileID: 4298080671265850, guid: 0548e829ab2890a47b6c767d56cdc869, type: 2}
      propertyPath: m_LocalRotation.z
      value: -0
      objectReference: {fileID: 0}
    - target: {fileID: 4298080671265850, guid: 0548e829ab2890a47b6c767d56cdc869, type: 2}
      propertyPath: m_LocalRotation.w
      value: 1
      objectReference: {fileID: 0}
    - target: {fileID: 4298080671265850, guid: 0548e829ab2890a47b6c767d56cdc869, type: 2}
      propertyPath: m_RootOrder
      value: 0
      objectReference: {fileID: 0}
    m_RemovedComponents: []
  m_SourcePrefab: {fileID: 100100000, guid: 0548e829ab2890a47b6c767d56cdc869, type: 2}
  m_IsPrefabAsset: 0
--- !u!4 &1969617392 stripped
Transform:
  m_CorrespondingSourceObject: {fileID: 4298080671265850, guid: 0548e829ab2890a47b6c767d56cdc869,
    type: 2}
  m_PrefabInternal: {fileID: 1969617391}
--- !u!1001 &2075356794
Prefab:
  m_ObjectHideFlags: 0
  serializedVersion: 2
  m_Modification:
    m_TransformParent: {fileID: 1721017452}
    m_Modifications:
    - target: {fileID: 4037408060104992, guid: 6aac53b0119b93b4b8a621446f2f5c4a, type: 2}
      propertyPath: m_LocalPosition.x
      value: -2.318196
      objectReference: {fileID: 0}
    - target: {fileID: 4037408060104992, guid: 6aac53b0119b93b4b8a621446f2f5c4a, type: 2}
      propertyPath: m_LocalPosition.y
      value: -3.2600565
      objectReference: {fileID: 0}
    - target: {fileID: 4037408060104992, guid: 6aac53b0119b93b4b8a621446f2f5c4a, type: 2}
      propertyPath: m_LocalPosition.z
      value: 0.15014996
      objectReference: {fileID: 0}
    - target: {fileID: 4037408060104992, guid: 6aac53b0119b93b4b8a621446f2f5c4a, type: 2}
      propertyPath: m_LocalRotation.x
      value: -0
      objectReference: {fileID: 0}
    - target: {fileID: 4037408060104992, guid: 6aac53b0119b93b4b8a621446f2f5c4a, type: 2}
      propertyPath: m_LocalRotation.y
      value: -0
      objectReference: {fileID: 0}
    - target: {fileID: 4037408060104992, guid: 6aac53b0119b93b4b8a621446f2f5c4a, type: 2}
      propertyPath: m_LocalRotation.z
      value: -0
      objectReference: {fileID: 0}
    - target: {fileID: 4037408060104992, guid: 6aac53b0119b93b4b8a621446f2f5c4a, type: 2}
      propertyPath: m_LocalRotation.w
      value: 1
      objectReference: {fileID: 0}
    - target: {fileID: 4037408060104992, guid: 6aac53b0119b93b4b8a621446f2f5c4a, type: 2}
      propertyPath: m_RootOrder
      value: 6
      objectReference: {fileID: 0}
    - target: {fileID: 1241743703126392, guid: 6aac53b0119b93b4b8a621446f2f5c4a, type: 2}
      propertyPath: m_Name
      value: Monster lvl2 (2)
      objectReference: {fileID: 0}
    - target: {fileID: 1241743703126392, guid: 6aac53b0119b93b4b8a621446f2f5c4a, type: 2}
      propertyPath: m_IsActive
      value: 0
      objectReference: {fileID: 0}
    m_RemovedComponents: []
  m_SourcePrefab: {fileID: 100100000, guid: 6aac53b0119b93b4b8a621446f2f5c4a, type: 2}
  m_IsPrefabAsset: 0
--- !u!4 &2075356795 stripped
Transform:
  m_CorrespondingSourceObject: {fileID: 4037408060104992, guid: 6aac53b0119b93b4b8a621446f2f5c4a,
    type: 2}
  m_PrefabInternal: {fileID: 2075356794}
--- !u!1001 &2089445031
Prefab:
  m_ObjectHideFlags: 0
  serializedVersion: 2
  m_Modification:
    m_TransformParent: {fileID: 1721017452}
    m_Modifications:
    - target: {fileID: 4037408060104992, guid: 56ee8cd05a72346469ce871413522550, type: 2}
      propertyPath: m_LocalPosition.x
      value: 6.1218038
      objectReference: {fileID: 0}
    - target: {fileID: 4037408060104992, guid: 56ee8cd05a72346469ce871413522550, type: 2}
      propertyPath: m_LocalPosition.y
      value: 2.0499434
      objectReference: {fileID: 0}
    - target: {fileID: 4037408060104992, guid: 56ee8cd05a72346469ce871413522550, type: 2}
      propertyPath: m_LocalPosition.z
      value: 0.15014996
      objectReference: {fileID: 0}
    - target: {fileID: 4037408060104992, guid: 56ee8cd05a72346469ce871413522550, type: 2}
      propertyPath: m_LocalRotation.x
      value: -0
      objectReference: {fileID: 0}
    - target: {fileID: 4037408060104992, guid: 56ee8cd05a72346469ce871413522550, type: 2}
      propertyPath: m_LocalRotation.y
      value: -0
      objectReference: {fileID: 0}
    - target: {fileID: 4037408060104992, guid: 56ee8cd05a72346469ce871413522550, type: 2}
      propertyPath: m_LocalRotation.z
      value: -0
      objectReference: {fileID: 0}
    - target: {fileID: 4037408060104992, guid: 56ee8cd05a72346469ce871413522550, type: 2}
      propertyPath: m_LocalRotation.w
      value: 1
      objectReference: {fileID: 0}
    - target: {fileID: 4037408060104992, guid: 56ee8cd05a72346469ce871413522550, type: 2}
      propertyPath: m_RootOrder
      value: 20
      objectReference: {fileID: 0}
    - target: {fileID: 1241743703126392, guid: 56ee8cd05a72346469ce871413522550, type: 2}
      propertyPath: m_Name
      value: Monster lvl1 (2)
      objectReference: {fileID: 0}
    m_RemovedComponents: []
  m_SourcePrefab: {fileID: 100100000, guid: 56ee8cd05a72346469ce871413522550, type: 2}
  m_IsPrefabAsset: 0
--- !u!4 &2089445032 stripped
Transform:
  m_CorrespondingSourceObject: {fileID: 4037408060104992, guid: 56ee8cd05a72346469ce871413522550,
    type: 2}
  m_PrefabInternal: {fileID: 2089445031}
--- !u!1001 &2095482577
Prefab:
  m_ObjectHideFlags: 0
  serializedVersion: 2
  m_Modification:
    m_TransformParent: {fileID: 1721017452}
    m_Modifications:
    - target: {fileID: 4037408060104992, guid: 6aac53b0119b93b4b8a621446f2f5c4a, type: 2}
      propertyPath: m_LocalPosition.x
      value: -2.318196
      objectReference: {fileID: 0}
    - target: {fileID: 4037408060104992, guid: 6aac53b0119b93b4b8a621446f2f5c4a, type: 2}
      propertyPath: m_LocalPosition.y
      value: -3.7600565
      objectReference: {fileID: 0}
    - target: {fileID: 4037408060104992, guid: 6aac53b0119b93b4b8a621446f2f5c4a, type: 2}
      propertyPath: m_LocalPosition.z
      value: 0.15014996
      objectReference: {fileID: 0}
    - target: {fileID: 4037408060104992, guid: 6aac53b0119b93b4b8a621446f2f5c4a, type: 2}
      propertyPath: m_LocalRotation.x
      value: -0
      objectReference: {fileID: 0}
    - target: {fileID: 4037408060104992, guid: 6aac53b0119b93b4b8a621446f2f5c4a, type: 2}
      propertyPath: m_LocalRotation.y
      value: -0
      objectReference: {fileID: 0}
    - target: {fileID: 4037408060104992, guid: 6aac53b0119b93b4b8a621446f2f5c4a, type: 2}
      propertyPath: m_LocalRotation.z
      value: -0
      objectReference: {fileID: 0}
    - target: {fileID: 4037408060104992, guid: 6aac53b0119b93b4b8a621446f2f5c4a, type: 2}
      propertyPath: m_LocalRotation.w
      value: 1
      objectReference: {fileID: 0}
    - target: {fileID: 4037408060104992, guid: 6aac53b0119b93b4b8a621446f2f5c4a, type: 2}
      propertyPath: m_RootOrder
      value: 17
      objectReference: {fileID: 0}
    - target: {fileID: 1241743703126392, guid: 6aac53b0119b93b4b8a621446f2f5c4a, type: 2}
      propertyPath: m_Name
      value: Monster lvl2 (7)
      objectReference: {fileID: 0}
    - target: {fileID: 1241743703126392, guid: 6aac53b0119b93b4b8a621446f2f5c4a, type: 2}
      propertyPath: m_IsActive
      value: 1
      objectReference: {fileID: 0}
    m_RemovedComponents: []
  m_SourcePrefab: {fileID: 100100000, guid: 6aac53b0119b93b4b8a621446f2f5c4a, type: 2}
  m_IsPrefabAsset: 0
--- !u!4 &2095482578 stripped
Transform:
  m_CorrespondingSourceObject: {fileID: 4037408060104992, guid: 6aac53b0119b93b4b8a621446f2f5c4a,
    type: 2}
  m_PrefabInternal: {fileID: 2095482577}
